@article{dembele,
	author="L. Demb\'{e}l\'{e}",
	title="An algorithm for modular elliptic curves over real quadratic fields",
	journal="Experiment. Math.",
	volume="17",
	year="2007",
	issue="4",
	pages="427--438"
 	}
@book{bump,
	author="D. Bump",
	title="Automorphic forms and representations",
	series="Cambridge Studies in Advanced Mathematics",
	volume= "55",
	year= "1998",
	publisher="Cambridge University Press"
	}
	
@book{cohen,
	author="H. Cohen",
	title="Number Theory Volume 1: Tools and Diophantine Equations",
	series="Graduate Texts in Mathematics",
	volume="239",
	year="2004",
	publisher="Springer"
	}